@misc{wiki_cooley,
   author = {Wikipedia},
   title = {Cooleyâ€“Tukey FFT algorithm},
   note = {Visited: Dec. 12, 2016},
   howpublished = {\url{https://en.wikipedia.org/wiki/Cooley%E2%80%93Tukey_FFT_algorithm}},
   type = {Web Page}
}

@article{important,
  author  = {Strang, Gilbert},
  title   = {Wavelets},
  journal = {American Scientist},
  year    = 1994,
  number  = 82,
  pages   = {253},
  month   = May-June,
  volume  = 3
}

@mastersthesis{fft_it,
  author  = {Stefan Worner},
  title   = {Fast Fourier Transform},
  school = {Swiss Federal Institute of Technology Zurich}
}

@misc{sqrt,
   author = {Vipin Lal},
   title = {A VHDL Function for finding SQUARE ROOT},
   note = {Visited: Dec. 12, 2016},
   howpublished = {\url{http://vhdlguru.blogspot.ca/2010/03/vhdl-function-for-finding-square-root.html}},
   type = {Web Page}
}